<record><leader>00000cas a22000007a 4500</leader><controlfield tag="001">8237886</controlfield><controlfield tag="008">820311c19829999mouwr ne      0   a0eng d</controlfield><datafield ind1=" " ind2=" " tag="010"><subfield code="a">sn 82002042 </subfield></datafield><datafield ind1=" " ind2=" " tag="040"><subfield code="a">NSD</subfield><subfield code="b">eng</subfield><subfield code="c">NSD</subfield><subfield code="d">OCLCQ</subfield></datafield><datafield ind1=" " ind2=" " tag="012"><subfield code="l">1</subfield></datafield><datafield ind1="1" ind2=" " tag="022"><subfield code="a">0731-7204</subfield><subfield code="l">0731-7204</subfield><subfield code="2">1</subfield></datafield><datafield ind1=" " ind2=" " tag="037"><subfield code="b">Midtown Voice, POB 8070A, St. Louis, Mo., 63156</subfield></datafield><datafield ind1=" " ind2=" " tag="042"><subfield code="a">nsdp</subfield></datafield><datafield ind1=" " ind2="0" tag="222"><subfield code="a">Midtown voice</subfield></datafield><datafield ind1="0" ind2="0" tag="245"><subfield code="a">Midtown voice.</subfield></datafield><datafield ind1=" " ind2=" " tag="260"><subfield code="a">St. Louis, MO :</subfield><subfield code="b">Midtown Voice, inc.,</subfield><subfield code="c">[1982-</subfield></datafield><datafield ind1=" " ind2=" " tag="310"><subfield code="a">Weekly</subfield></datafield><datafield ind1="0" ind2=" " tag="362"><subfield code="a">Vol. 1, no. 1 (Feb. 15-21, 1982)-</subfield></datafield><datafield ind1=" " ind2=" " tag="500"><subfield code="a">Title from caption.</subfield></datafield><datafield ind1=" " ind2=" " tag="936"><subfield code="a">Feb. 15-21, 1982</subfield></datafield></record>